@book{stillwell,
  author={John Stillwell},
  title={Mathematics and Its History (Third Edition)},
  publisher={Springer},
  year=2010,
}

@misc{loh1,
  author={Po-Shen Loh},
  title={A Different Way to Solve Quadratic Equations},
  year=2019,
  howpublished={\url{https://www.poshenloh.com/quadratic/}},
}

@misc{loh2,
      title={A Simple Proof of the Quadratic Formula}, 
      author={Po-Shen Loh},
      year={2019},
      howpublished={\url{https://arxiv.org/abs/1910.06709}},
}

@book{gauss,
   title={Disquisitiones Arithmeticae},
   note={Editors: Todd W. Bressi and Paul Groth},
   author={Karl Friedrich Gauss},
   publisher={Yale University Press},
  year=2006,
}


@article{callagy,
  author={James J. Callagy},
  title={The central angle of the regular 17-gon},
  journal={The Mathematical Gazette},
  volume={67},
  number={442},
  pages={290--292},
  year=1983,
  note={\url{https://wwww.jstor.org/stable/3617271}}},
}

@book{jorg,
  title={Galois Theory for Beginners: A Historical Perspective},
  author={J\"{o}rg Bewersdorff},
  publisher={American Mathematical Society},
  year=2006,
}

@article{marita,
  author={Marita Barabash}, 
  title={A non-visual counterexample in elementary geometry},
  journal={The College Mathematics Journal},
  volume=36,
  number=5,
  year=2005,
}

@misc{mccallum,
  author={William McCallum},
 title={A tale of two triangles: Heron triangles and elliptic curves},
  year=2012,
  howpublished={\url{http://blog.kleinproject.org/?p=4}},
}

@article{mm,
  author={Norbert Hungerbühler},
  title={A short elementary proof of the {Mohr-Mascheroni} theorem},
  journal={American Mathematical Monthly},
  volume=101,
  number=8,
  year=1994,
  pages={784--787},
}

@book{gunderson,
  author={David S. Gunderson},
  title={Handbook of Mathematical Induction: Theory and Applications},
  publisher={Mathematical Association of America},
  year=2010,
  }

@article{toussaint,
  author={Godfried Toussaint},
  title={A New Look at {Euclid's} Second Proposition},
  journal={The Mathematical Intelligencer},
  volume=15,
  number=3,
  year=1993,
  pages={12--23},
}

@misc{rusty,
  author={Timothy Peil},
  title={The Rusty Compass Theorem},
  howpublished={\url{http://web.mnstate.edu/peil/geometry/C2EuclidNonEuclid/1Compass.htm}},
}

@book{bold,
  author={Benjamin Bold},
  title={Famous Problems of Mathematics: A History of Constructions with Straight Edge and Compass},
  publisher={Van Nostrand},
  year=1969,
}

@article{ramanujan1,
  author={Ramanujan},
  title={Squaring the circle},
  journal={Journal of the Indian Mathematical Society},
  year=1913,
  pages=13,
  note={\url{http://ramanujan.sirinudi.org/Volumes/published/ram05.pdf}},
}

@article{ramanujan2,
  author={Ramanujan},
  title={Modular equations and approximations to $\pi$},
  journal={Quarterly Journal Mathematics},
  year=1914,
  pages={350--372},
  volume={XLV},
}


@article{thomas,
  author={Robin Thomas},
  title={An Update on the Four-Color Theorem},
  journal={Notices of the AMS},
  volume={45},
  number={7},
  pages={848--859},
  year=1998,
  note={\url{http://www.ams.org/notices/199807/thomas.pdf}}},
}

@book{thebook,
  title={Proofs from {THE BOOK} (Fifth Edition)},
  author={Martin Aigner and G\"{u}nter M. Ziegler},
  publisher={Springer},
  year=2014,
}
    
@misc{eppstein,
  author={David Eppstein},
  title={Twenty Proofs of {Euler's} Formula: {$V-E+F=2$}},
  howpublished={\url{https://www.ics.uci.edu/~eppstein/junkyard/euler/}},
  }


@article{sipka,
 note  = {\url{http://www.jstor.org/stable/25678395}},
 author = {Timothy Sipka},
 journal = {Math Horizons},
 number = {2},
 pages = {21--26},
 title = {Alfred {Bray Kempe's} {``Proof''} of the Four-Color Theorem},
 volume = {10},
 year = {2002}
}


@article{pythagoras,
journal={Communications of the ACM},
volume=60,
number=8,
title={The science of brute force},
author={Marijn J H Heule and Oliver Kullmann},
year=2017,
}

@misc{ben-ari:induction,
  author={Moti Ben-Ari},
  title={The Many Guises of Induction},
  year=2021,
  howpublished={\url{https://www.weizmann.ac.il/sci-tea/benari/mathematics}},
  note={English and Hebrew},
  }

@book{dorrie1,
  title={100 Problems of Elementary Mathematics: Their History and Solution},
  author={Heinrich D\"{o}rrie},
  publisher={Dover},
  year=1965,
}

@unpublished{dorrie2,
  title={100 Problems of Elementary Mathematics: Their History and Solution},
  author={Heinrich D\"{o}rrie},
  year=2010,
  note={Newly reworked by Michael Woltermann. \url{http://www2.washjeff.edu/users/mwoltermann/Dorrie/DorrieContents.htm}},
}

@book{stopel,
  title={Geometric Constructions: Classical, Challenging and Computer Problems},
  editor={Moshe Stopel and Clara Ziskind},
  publisher={Sha-anan},
  year=2015,
  note={(in Hebrew)},
}

@book{martin,
  author={George E. Martin},
  title={Geometric Constructions},
  publisher={Springer},
  year=1998,
  }


@article{alperin,
  author = {Roger C. Alperin},
  year = {2000},
  pages = {119--133},
  title = {A mathematical theory of origami constructions and numbers},
  volume = {6},
  journal = {New York Journal of Mathematics},
}

@article{hull-beloch,
  author = {Hull, Thomas C.},
  year = {2011},
  pages = {307-315},
  title = {Solving Cubics With Creases: The Work of {Beloch} and {Lill}},
  volume = {118},
  number = 4,
  journal = {American Mathematical Monthly},
}

@article{riaz,
  author={M. Riaz},
  title={Geometric solutions of algebraic equations},
  journal={American Mathematical Monthly},
  volume=69,
  year=1962,
  number=7,
  pages={654--658},
}

@misc{bradford,
  author={Phillips Verner Bradford},
  title={Visualizing solutions to n-th degree algebraic equations using right-angle geometric paths},
  year=2010,
  howpublished={Archived May 2, 2010, at the Wayback Machine, \url{https://web.archive.org/web/20100502013959/http://www.concentric.net/~pvb/ALG/rightpaths.html}},
}

@misc{lang,
  title={Origami and Geometric Constructions},
  author={Robert J. Lang},
  year={1996-–2015},
  howpublished={\url{http://langorigami.com/wp-content/uploads/2015/09/origami_constructions.pdf}},
  note={Accessed 26/02/2020},
}

@misc{newton,
  author={Liz Newton},
  title={The Power of Origami},
  howpublished={\url{https://plus.maths.org/content/power-origami}},
  note={Accessed 26/02/2020},
}

@mastersthesis{hwa,
  author={Hwa Young Lee},
  title={Origami-Constructible Numbers},
  school={University of Georgia},
  year=2017,
}

@misc{rike,
  author={Tom Rike},
  title={Fermat Numbers and the Heptadecagon},
  year=2005,
  howpublished={\url{https://mathcircle.berkeley.edu/sites/default/files/BMC6/ps0506/Heptadecagon.pdf}},
}

@book{roads,
  author={Edward C. Wallace and Stephen F. West},
  title={Roads to Geometry (Third Edition)},
  publisher={Pearson},
  year=2003,
}

@article{davies,
  author={R.O. Davies},
  title={On {Langford's} problem {(II)}},
  journal={Mathematical Gazette},
  volume=43,
  year=1959,
  pages={253--5},
  }

@misc{miller,
  author={J.E. Miller},
  title={Langford's Problem, Remixed},
  howpublished={\url{http://dialectrix.com/langford.html}},
  year=2014,
  }

@book{manna,
  author={Zohar Manna},
  title={Mathematical Theory of Computing},
  year=1974,
  publisher={McGraw-Hill},
}

%%%%%%%%%%%%%%%%%%%%%%%%%%%%%%%%%%%%%%%%%%%%%%%%%%%%%%%


@misc{wiki:heptadecagon,
    author = "{Wikipedia contributors}",
    title = "Heptadecagon --- {Wikipedia}{,} The Free Encyclopedia",
    year = "2020",
    howpublished = "\url{https://en.wikipedia.org/w/index.php?title=Heptadecagon&oldid=975964212}",
 }

@misc{hh,
    author = {{Wikipedia contributors}},
    title = {{Huzita}–{Hatori} axioms --- {Wikipedia}{,} The Free Encyclopedia},
    year = 2020,
    howpublished = {\url{https://en.wikipedia.org/w/index.php?title=Huzita%E2%80%93Hatori_axioms&oldid=934987320}},
  }


@misc{wiki:bisector,
    author = "{Wikipedia contributors}",
    title = "Angle bisector theorem --- {Wikipedia}{,} The Free Encyclopedia",
    year = "2020",
    howpublished = "\url{https://en.wikipedia.org/w/index.php?title=Angle_bisector_theorem&oldid=984147660}",
  }
  
@misc{wiki:pentagon,
    author = "{Wikipedia contributors}",
    title = "Pentagon --- {Wikipedia}{,} The Free Encyclopedia",
    year = "2020",
    howpublished={\url{https://en.wikipedia.org/w/index.php?title=Pentagon&oldid=983136827}},
  }

@misc{angle-trisection,
    author = "{Wikipedia contributors}",
    title = "Angle trisection --- {Wikipedia}{,} The Free Encyclopedia",
    year = "2021",
    howpublished = "\url{https://en.wikipedia.org/w/index.php?title=Angle_trisection&oldid=1018496251}",
  }

@misc{quadratrix,
    author = "{Wikipedia contributors}",
    title = "Quadratrix of Hippias --- {Wikipedia}{,} The Free Encyclopedia",
    year = "2021",
    howpublished = "\url{https://en.wikipedia.org/w/index.php?title=Quadratrix_of_Hippias&oldid=1009478839}",
 }
  
@misc{neusis-construction,
    author = "{Wikipedia contributors}",
    title = "Neusis construction --- {Wikipedia}{,} The Free Encyclopedia",
    year = "2020",
    howpublished = "\url{https://en.wikipedia.org/w/index.php?title=Neusis_construction&oldid=997404224}",
  }

@misc{wiki:four,
    author = "{Wikipedia contributors}",
    title = "Four color theorem --- {Wikipedia}{,} The Free Encyclopedia",
    year = "2021",
    howpublished = "\url{https://en.wikipedia.org/w/index.php?title=Four_color_theorem&oldid=1014419511}",
  }

@misc{wiki:five,
    author = "{Wikipedia contributors}",
    title = "Five color theorem --- {Wikipedia}{,} The Free Encyclopedia",
    year = "2020",
    howpublished = "\url{https://en.wikipedia.org/w/index.php?title=Five_color_theorem&oldid=985970799}",
  }
    
