@book{euclid,
  author={Heath, Thomas L.},
  title={The Thirteen Books of Euclid's Elements},
  year={1956},
  publisher={Dover},
}

@article{robson,
  author={Eleanor Robson},
  year=2002,
  title={Words and pictures: New light on {Plimpton} 322},
  journal={American Mathematical Monthly},
  volume=109,
  number=2,
  pages={105--120},
}

@book{ross,
  title={A First Course in Probability (Tenth Edition)},
  author={Sheldon Ross},
  publisher={Pearson},
  year=2019,
}

@misc{mckay,
  title={Ramsey Theory},
  author={Brendan D. McKay},
  year={nd},
  howpublished={\url{http://users.cecs.anu.edu.au/~bdm/data/ramsey.html}},
}

@article{schumer,
  title={The {Josephus} Problem: Once More around},
  author={Peter Schumer},
  journal={Mathematics Magazine},
  year=2002,
  volume=75,
  number=1,
  pages={12--17},
}

@article{silvester,
  author={John R. Silvester},
  title= {Ceva = ({Menelaus})$^2$},
  journal={The Mathematical Gazette},
  year=2000,
  volume=84,
  number =500,
  pages={268--271},
}

@article{brute,
  author={Heule, Marijn J. H. and Kullmann, Oliver},
  title ={The Science of Brute Force},
  journal={Communications of the ACM},
  volume=60,
  number=8,
  year=2017,
  pages={70--79},
}

@book{rudiments,
  title={Rudiments of Ramsey Theory (Second Edition)},
  author={Ron Graham and Steve Butler},
  publisher={American Mathematical Society},
  year=2015,
}

@misc{burton,
  title={Ramsey Theory},
  author={Lane {Butler IV}},
  year={2016},
  howpublished={\url{https://www.whitman.edu/Documents/Academics/Mathematics/2016/Barton.pdf}},
}

@book{mlcs,
  title={Mathematical Logic for Computer Science (Third Edition)},
  author={Mordechai Ben-Ari},
  publisher={Springer},
  year=2012,
}

@article{joss,
  author={Mordechai Ben-Ari},
  year=2018,
  title={{LearnSAT}: A {SAT} Solver for Education},
  journal={Journal of Open Source Software},
  volume=3,
  number=24,
  pages=639,
  note={\url{https://doi.org/10.21105/joss.00639}},
}

@misc{mastin,
  author={Luke Mastin},
  title={Muhammad ibn {Musa al-Khwarizmi}: {Muslim Mathematician}},
  year=2020,
  howpublished={\url{https://www.storyofmathematics.com/islamic_alkhwarizmi.html}},
}

@article{suzuki,
  title={A Brief History of Impossibility},
  author={Jeff Suzuki},
  journal={Mathematics Magazine},
  volume=81,
  number=1,
  year=2008,
  pages={27--38},
}

@book{gantert,
  title={Geometry},
  author={Ann Xavier Gantert},
  year=2008,
  publisher={Perfection Learning},
}

@book{fraleigh,
  title={A First Course in Abstract Algebra (Seventh Edition)},
  author={John B. Fraleigh},
  publisher={Addison-Wesley},
  year=2003,
}

@book{courant,
  title={What is Mathematics? An Elementary Approach to Ideas and Methods (Second Edition)},
  author={Richard Courant and Hebert Robbins},
  note={Revised by Ian Stewart},
  publisher={Oxford University Press},
  year=1996,
}

@article{laugwitz,
  author={Detlef Laugwitz},
  title={Eine elementare {Methode} f\"{u}r {Unm\"{o}glichkeitsbeweise} bei {Konstruktionen} mit {Zirkel} und {Lineal}},
  journal={Elemente der Mathematik},
  volume=17,
  year=1962,
  pages={54--58},
}

@book{stillwell,
  author={John Stillwell},
  title={Mathematics and Its History (Third Edition)},
  publisher={Springer},
  year=2010,
}

@misc{loh1,
  author={Po-Shen Loh},
  title={A Different Way to Solve Quadratic Equations},
  year=2019,
  howpublished={\url{https://www.poshenloh.com/quadratic/}},
}

@misc{loh2,
  title={A Simple Proof of the Quadratic Formula}, 
  author={Po-Shen Loh},
  year={2019},
  howpublished={\url{https://arxiv.org/abs/1910.06709}},
}

@book{gauss,
  title={Disquisitiones Arithmeticae},
  note={Editors: Todd W. Bressi and Paul Groth},
  author={Karl Friedrich Gauss},
  publisher={Yale University Press},
  year=2006,
}

@article{callagy,
  author={James J. Callagy},
  title={The central angle of the regular 17-gon},
  journal={The Mathematical Gazette},
  volume={67},
  number={442},
  pages={290--292},
  year=1983,
  note={\url{https://www.jstor.org/stable/3617271}}},
}

@book{jorg,
  title={Galois Theory for Beginners: A Historical Perspective},
  author={J\"{o}rg Bewersdorff},
  publisher={American Mathematical Society},
  year=2006,
}

@article{marita,
  author={Marita Barabash}, 
  title={A non-visual counterexample in elementary geometry},
  journal={The College Mathematics Journal},
  volume=36,
  number=5,
  year=2005,
}

@misc{mccallum,
  author={William McCallum},
  title={A tale of two triangles: Heron triangles and elliptic curves},
  year=2012,
  howpublished={\url{http://blog.kleinproject.org/?p=4}},
}

@article{mm,
  author={Norbert Hungerbühler},
  title={A short elementary proof of the {Mohr-Mascheroni} theorem},
  journal={American Mathematical Monthly},
  volume=101,
  number=8,
  year=1994,
  pages={784--787},
}

@book{gunderson,
  author={David S. Gunderson},
  title={Handbook of Mathematical Induction: Theory and Applications},
  publisher={Mathematical Association of America},
  year=2010,
  }

@article{toussaint,
  author={Godfried Toussaint},
  title={A New Look at {Euclid's} Second Proposition},
  journal={The Mathematical Intelligencer},
  volume=15,
  number=3,
  year=1993,
  pages={12--23},
}

@misc{rusty,
  author={Timothy Peil},
  title={The Rusty Compass Theorem},
  howpublished={Archived 20/07/2020 at the Wayback Machine. \url{https://web.archive.org/web/20200720195718/http://web.mnstate.edu/peil/geometry/C2EuclidNonEuclid/1Compass.htm}},
  year=2006,
}

@book{bold,
  author={Benjamin Bold},
  title={Famous Problems of Mathematics: A History of Constructions with Straight Edge and Compass},
  publisher={Van Nostrand},
  year=1969,
}

@article{ramanujan1,
  author={Ramanujan},
  title={Squaring the circle},
  journal={Journal of the Indian Mathematical Society},
  year=1913,
  volume={V},
  pages=138,
  note={\url{http://ramanujan.sirinudi.org/Volumes/published/ram05.pdf}},
}

@article{ramanujan2,
  author={Ramanujan},
  title={Modular equations and approximations to $\pi$},
  journal={The Quarterly Journal of Pure and Applied Mathematics},
  year=1914,
  pages={350--372},
  volume={XLV},
  note={\url{http://ramanujan.sirinudi.org/Volumes/published/ram06.pdf}},
}

@article{thomas,
  author={Robin Thomas},
  title={An Update on the Four-Color Theorem},
  journal={Notices of the AMS},
  volume={45},
  number={7},
  pages={848--859},
  year=1998,
  note={\url{http://www.ams.org/notices/199807/thomas.pdf}}},
}

@book{thebook,
  title={Proofs from {THE BOOK} (Fifth Edition)},
  author={Martin Aigner and G\"{u}nter M. Ziegler},
  publisher={Springer},
  year=2014,
}
    
@misc{eppstein,
  author={David Eppstein},
  year= {n.d.},
  title={Twenty Proofs of {Euler's} Formula: {$V-E+F=2$}},
  howpublished={\url{https://www.ics.uci.edu/~eppstein/junkyard/euler/}},
  }
  
@book{gelfand,
  author={I.M. Gelfand and Mark Saul},
  title={Trigonometry},
  publisher={Springer},
  year=2001,
}

@book{dudley-budget,
  title={A Budget of Trisections},
  author={Underwood Dudley},
  publisher={Springer},
  year=1987,
}

@article{dudley-what,
  title={What To Do When the Trisector Comes},
  author={Underwood Dudley},
  journal={The Mathematical Intelligencer},
  volume={5},
  number={1},
  pages={20--25},
  year=1983,
}

@article{sipka,
  note  = {\url{http://www.jstor.org/stable/25678395}},
  author = {Timothy Sipka},
  journal = {Math Horizons},
  number = {2},
  pages = {21--26},
  title = {Alfred {Bray Kempe's} {``Proof''} of the Four-Color Theorem},
  volume = {10},
  year = {2002}
}

@misc{ben-ari:induction,
  author={Moti Ben-Ari},
  title={The Many Guises of Induction},
  year=2021,
  howpublished={\url{https://www.weizmann.ac.il/sci-tea/benari/mathematics}},
}

@book{dorrie1,
  title={100 Problems of Elementary Mathematics: Their History and Solution},
  author={Heinrich D\"{o}rrie},
  publisher={Dover},
  year=1965,
}

@misc{dorrie2,
  title={100 Problems of Elementary Mathematics: Their History and Solution},
  author={Heinrich D\"{o}rrie},
  year=2010,
  howpublished={Reworked by Michael Woltermann. Archived 21 February 2020 at the Wayback Machine. \url{https://web.archive.org/web/20191223032114/http://www2.washjeff.edu/users/mwoltermann/Dorrie/DorrieContents.htm}},
}

@book{martin,
  author={George E. Martin},
  title={Geometric Constructions},
  publisher={Springer},
  year=1998,
}

@article{alperin,
  author = {Roger C. Alperin},
  year = {2000},
  pages = {119--133},
  title = {A mathematical theory of origami constructions and numbers},
  volume = {6},
  journal = {New York Journal of Mathematics},
}

@article{hull-beloch,
  author = {Hull, Thomas C.},
  year = {2011},
  pages = {307-315},
  title = {Solving Cubics With Creases: The Work of {Beloch} and {Lill}},
  volume = {118},
  number = 4,
  journal = {American Mathematical Monthly},
}

@article{riaz,
  author={M. Riaz},
  title={Geometric solutions of algebraic equations},
  journal={American Mathematical Monthly},
  volume=69,
  year=1962,
  number=7,
  pages={654--658},
}

@misc{bradford,
  author={Phillips Verner Bradford},
  title={Visualizing solutions to n-th degree algebraic equations using right-angle geometric paths},
  year=2010,
  howpublished={Archived May 2, 2010 at the Wayback Machine. \url{https://web.archive.org/web/20100502013959/http://www.concentric.net/~pvb/ALG/rightpaths.html}},
}

@misc{lang,
  title={Origami and Geometric Constructions},
  author={Robert J. Lang},
  year={1996-–2015},
  howpublished={\url{http://langorigami.com/wp-content/uploads/2015/09/origami_constructions.pdf}},
}

@misc{newton,
  author={Liz Newton},
  title={The Power of Origami},
  howpublished={\url{https://plus.maths.org/content/power-origami}},
}

@misc{rike,
  author={Tom Rike},
  title={Fermat Numbers and the Heptadecagon},
  year=2005,
  howpublished={\url{https://mathcircle.berkeley.edu/sites/default/files/BMC6/ps0506/Heptadecagon.pdf}},
}

@article{davies,
  author={R.O. Davies},
  title={On {Langford's} problem {(II)}},
  journal={The Mathematical Gazette},
  volume=43,
  year=1959,
  pages={253--5},
}

@misc{miller,
  author={J.E. Miller},
  title={Langford's Problem, Remixed},
  howpublished={\url{http://dialectrix.com/langford.html}},
  year=2014,
}

@book{manna,
  author={Zohar Manna},
  title={Mathematical Theory of Computing},
  year=1974,
  publisher={McGraw-Hill},
}

%%%%%%%%%%%%%%%%%%%%%%%%%%%%%%%%%%%%%%%%%%%%%%%%%%%%%%%


@misc{wiki:heptadecagon,
  author = "{Wikipedia}",
  title = "Heptadecagon",
}

@misc{wiki:hh-axioms,
  author = {{Wikipedia}},
  title = {{Huzita}–{Hatori} axioms},
}

@misc{wiki:bisector,
  author = "{Wikipedia}",
  title = "Angle bisector theorem",
}
  
@misc{wiki:pentagon,
  author = "{Wikipedia}",
  title = "Pentagon",
}

@misc{wiki:tri,
  author = "{Wikipedia}",
  title = "Angle trisection",
}

@misc{wiki:quad,
  author = "{Wikipedia}",
  title = "Quadratrix of {Hippias}",
}
  
@misc{wiki:neu,
  author = "{Wikipedia}",
  title = "Neusis construction",
}

@misc{wiki:four,
  author = "{Wikipedia}",
  title = "Four color theorem",
}

@misc{wiki:five,
  author = "{Wikipedia}",
  title = "Five color theorem",
}
    
@misc{wiki:cosine,
    author = "{Wikipedia}",
    title = "Law of cosines",
}
  
@misc{wiki:ceva,
    author = "{Wikipedia}",
    title = "Ceva's theorem",
}
  
@misc{wiki:ptolemy,
    author = "{Wikipedia}",
    title = "Ptolemy's theorem",
}
  
@misc{wiki:cardano,
    author = "{Wikipedia}",
    title = "Cubic equation",
}

@misc{wiki:menelaus,
    author = "{Wikipedia}",
    title = "Menelaus's theorem",
}

@misc{wiki:josephus,
    author = "{Wikipedia}",
    title = "Josephus problem",
}

@misc{wiki:quadratic,
    author = "{Wikipedia}",
    title = "Quadratic equation",
}

@misc{wiki:sexagesimal,
    author = "{Wikipedia}",
    title = "Sexagesimal",
}

@misc{wiki:plimpton,
    author = "{Wikipedia}",
    title = "Plimpton 322",
  }
